% Encoding: UTF-8
@COMMENT ##################
@COMMENT INTRODUCTION

@TechReport{fielding2000architectural,
  author      = {Fielding, Roy Thomas},
  title       = {{Architectural styles and the design of network-based software architectures}},
  institution = {University of California, Irvine},
  year        = {2000},
  type        = {phdthesis},
}

@Book{madden2020api,
  title     = {{API security in action}},
  publisher = {Manning Publications},
  year      = {2020},
  author    = {Madden, Neil},
  month     = nov,
  isbn      = {9781617296024},
}

@Misc{OpenAPISpecification,
  author       = {Darrel Miller and Jason Harmon and Jeremy Whitlock and Kris Hahn and Marsh Gardiner and Mike Ralphso and Rob Dolin and Ron Ratovsky and Tony Tam},
  title        = {{OpenAPI Specification v3.0.3}},
  howpublished = {[Online; \url{https://spec.openapis.org/oas/v3.0.3}]},
  month        = feb,
  year         = {2020},
  note         = {Accessed on Feburary 23, 2023.},
}

@Misc{Clay2022,
  author       = {Jon Clay},
  title        = {{Recent Cyberattacks Increasingly Target Open-source Web Servers}},
  howpublished = {[Online; \url{https://www.trendmicro.com/en_ae/research/22/b/recent-cyberattacks-open-source-web-servers.html}]},
  month        = feb,
  year         = {2022},
  note         = {Accessed on February 23, 2023.},
}

@Misc{Emmons2022,
  author       = {Tom Emmons and Susan McReynolds and Tony Lauro and Eliad Kimhy},
  title        = {{Akamai Web Application and API Threat Report}},
  howpublished = {[Online; \url{https://www.akamai.com/resources/research-paper/akamai-web-application-and-api-threat-report}]},
  month        = jun,
  year         = {2022},
  note         = {Accessed on February 23, 2023.},
}

@Misc{saltQ32022,
  author       = {{Salt Security}},
  title        = {{State of API Security Report Q3 2022}},
  howpublished = {[Online; \url{https://content.salt.security/state-api-report.html}]},
  month        = aug,
  year         = {2022},
  note         = {Accessed on February 23, 2023.},
}

@article{peterson1977petri,
  title={Petri nets},
  author={Peterson, James L},
  journal={ACM Computing Surveys (CSUR)},
  volume={9},
  number={3},
  pages={223--252},
  year={1977},
  publisher={ACM New York, NY, USA}
}

@InProceedings{ratzer2003cpn,
  author    = {Ratzer, Anne Vinter and Wells, Lisa and Lassen, Henry Michael and Laursen, Mads and Qvortrup, Jacob Frank and Stissing, Martin Stig and Westergaard, Michael and Christensen, S{\o}ren and Jensen, Kurt},
  title     = {{CPN tools for editing, simulating, and analysing coloured Petri nets}},
  booktitle = {Proceedings of the 24th International Conference on Applications and Theory of Petri Nets},
  year      = {2003},
  pages     = {450--462},
  publisher = {Springer},
}

@COMMENT ##################
@COMMENT Background: OpenAPI Specification

@Misc{fielding2014hypertext,
  author       = {Fielding, Roy and Reschke, Julian},
  title        = {{Hypertext Transfer Protocol (HTTP/1.1): Semantics and Content}},
  howpublished = {[Online; \url{https://www.rfc-editor.org/rfc/rfc7231}]},
  month        = jun,
  year         = {2014},
  note         = {Accessed on February 23, 2023.},
}


@article{Kus2020,
  author       = {Dominik Adam Kus and
                  Istv{\'{a}}n Koren and
                  Ralf Klamma},
  title        = {A Link Generator for Increasing the Utility of OpenAPI-to-GraphQL
                  Translations},
  journal      = {CoRR},
  volume       = {abs/2005.08708},
  year         = {2020},
  url          = {https://arxiv.org/abs/2005.08708},
  eprinttype    = {arXiv},
  eprint       = {2005.08708},
  timestamp    = {Fri, 22 May 2020 16:21:28 +0200},
  biburl       = {https://dblp.org/rec/journals/corr/abs-2005-08708.bib},
  bibsource    = {dblp computer science bibliography, https://dblp.org}
}

@COMMENT ##################
@COMMENT Petri Net formal description

@Book{jensen2009coloured,
  title     = {{Coloured Petri Nets: Modelling and Validation of Concurrent Systems}},
  publisher = {Springer Berlin, Heidelberg},
  year      = {2009},
  author    = {Jensen, Kurt and Kristensen, Lars M},
  edition   = {1st},
  isbn      = {978-3-642-00283-0},
}

@Article{gomez2019profiling,
  author  = {Abel Gómez and Ricardo J. Rodríguez and María-Emilia Cambronero and Valentín Valero},
  title   = {{Profiling the Publish/Subscribe Paradigm for Automated Analysis Using Colored Petri Nets}},
  journal = {Software and Systems Modeling},
  year    = {2019},
  volume  = {18},
  number  = {5},
  pages   = {2973--3003},
  month   = oct,
  doi     = {10.1007/s10270-019-00716-1},
}

@Book{vanderAalst2016,
  title     = {{Process Mining: Data Science in Action}},
  publisher = {Springer Berlin Heidelberg},
  year      = {2016},
  author    = {van der Aalst, Wil},
  address   = {Berlin, Heidelberg},
  isbn      = {978-3-662-49851-4},
  doi       = {10.1007/978-3-662-49851-4_1},
  pages     = {3--23},
}

@InProceedings{pommereau2015snakes,
  author       = {Pommereau, Franck},
  title        = {{SNAKES: A flexible high-level petri nets library (tool paper)}},
  booktitle    = {Application and Theory of Petri Nets and Concurrency: 36th International Conference, PETRI NETS 2015, Brussels, Belgium, June 21-26, 2015, Proceedings 36},
  year         = {2015},
  pages        = {254--265},
  organization = {Springer},
}

@Book{Carmona2018,
  title     = {{Conformance Checking}},
  publisher = {Springer International Publishing},
  year      = {2018},
  author    = {Josep Carmona and Boudewijn van Dongen and Andreas Solti and Matthias Weidlich},
  doi       = {10.1007/978-3-319-99414-7},
}

@COMMENT ##################
@COMMENT EVALUATION

@InProceedings{collado2020using,
  author    = {Collado, Ernesto Serrano and Castillo, Pedro A. and Merelo Guerv{\'o}s, Juan Juli{\'a}n},
  title     = {{Using Evolutionary Algorithms for Server Hardening via the Moving Target Defense Technique}},
  booktitle = {Applications of Evolutionary Computation},
  year      = {2020},
  editor    = {Castillo, Pedro A. and Jim{\'e}nez Laredo, Juan Luis and Fern{\'a}ndez de Vega, Francisco},
  pages     = {670--685},
  address   = {Cham},
  publisher = {Springer International Publishing},
  isbn      = {978-3-030-43722-0},
}

@inproceedings{schoenborn2021detecting,
  title={{Detecting SQL-Injection and Cross-Site Scripting Attacks Using Case-Based Reasoning and SEASALT}},
  author={Schoenborn, Jakob Michael and Althoff, Klaus-Dieter},
  booktitle={LWDA},
  pages={66--77},
  year={2021}
}

@Misc{huntr2022,
  author       = {huntr},
  title        = {{IDOR to archive victims memo vulnerability found in memos}},
  howpublished = {[Online; \url{https://huntr.dev/bounties/e65b3458-c2e2-4c0b-9029-e3c9ee015ae4/}]},
  month        = dec,
  year         = {2022},
  note         = {Accessed on October 19, 2023.},
}




@COMMENT ##################
@COMMENT Related Work

@TechReport{ivanchikj2021restalk,
  author      = {Ivanchikj, Ana},
  title       = {{RESTalk: a visual and textual DSL for modelling RESTful conversations}},
  institution = {Universit{\`a} della Svizzera italiana},
  year        = {2021},
  type        = {phdthesis},
}

@InProceedings{kallab2017using,
  author    = {Kallab, Lara and Mrissa, Michael and Chbeir, Richard and Bourreau, Pierre},
  title     = {{Using Colored Petri Nets for Verifying RESTful Service Composition}},
  booktitle = {On the Move to Meaningful Internet Systems. OTM 2017 Conferences},
  year      = {2017},
  editor    = {Panetto, Herv{\'e} and Debruyne, Christophe and Gaaloul, Walid and Papazoglou, Mike and Paschke, Adrian and Ardagna, Claudio Agostino and Meersman, Robert},
  pages     = {505--523},
  address   = {Cham},
  publisher = {Springer International Publishing},
  isbn      = {978-3-319-69462-7},
}

@InProceedings{decker2008restful,
  author    = {Decker, Gero and L{\"u}ders, Alexander and Overdick, Hagen and Schlichting, Kai and Weske, Mathias},
  title     = {{RESTful Petri Net Execution}},
  booktitle = {Web Services and Formal Methods},
  year      = {2009},
  editor    = {Bruni, Roberto and Wolf, Karsten},
  pages     = {73--87},
  address   = {Berlin, Heidelberg},
  publisher = {Springer Berlin Heidelberg},
  isbn      = {978-3-642-01364-5},
}

@InProceedings{alarcon2010hypermedia,
  author    = {Alarcon, Rosa and Wilde, Erik and Bellido, Jesus},
  title     = {{Hypermedia-Driven RESTful Service Composition}},
  booktitle = {Service-Oriented Computing},
  year      = {2011},
  editor    = {Maximilien, E. Michael and Rossi, Gustavo and Yuan, Soe-Tsyr and Ludwig, Heiko and Fantinato, Marcelo},
  pages     = {111--120},
  address   = {Berlin, Heidelberg},
  publisher = {Springer Berlin Heidelberg},
  isbn      = {978-3-642-19394-1},
}

@InProceedings{li2011design,
  author    = {Li, Li and Chou, Wu},
  title     = {{Design and describe REST API without violating REST: A Petri net based approach}},
  booktitle = {2011 IEEE International Conference on Web Services},
  year      = {2011},
  pages     = {508--515},
  publisher = {IEEE},
}

@InProceedings{li2015designing,
  author    = {Li, Li and Chou, Wu},
  title     = {{Designing large scale REST APIs based on REST chart}},
  booktitle = {2015 IEEE International Conference on Web Services},
  year      = {2015},
  pages     = {631--638},
  publisher = {IEEE},
}

@InProceedings{alowisheq2011resource,
  author    = {Alowisheq, Areeb and Millard, David E and Tiropanis, Thanassis},
  title     = {{Resource oriented modelling: Describing restful Web Services using collaboration diagrams}},
  booktitle = {Proceedings of the International Conference on e-Business},
  year      = {2011},
  pages     = {1--6},
  publisher = {IEEE},
}

@TechReport{rauf2014design,
  author      = {Rauf, Irum},
  title       = {{Design and validation of stateful composite RESTful web services}},
  institution = {Turku Centre for Computer Science},
  year        = {2014},
  type        = {phdthesis},
  month       = jun,
  publisher   = {Turku Centre for Computer Science (TUCS)},
}

@InProceedings{ed2019wapiml,
  author    = {Ed-douibi, Hamza and Cánovas Izquierdo, Javier Luis and Bordeleau, Francis and Cabot, Jordi},
  title     = {{WAPIml: Towards a Modeling Infrastructure for Web APIs}},
  booktitle = {2019 ACM/IEEE 22nd International Conference on Model Driven Engineering Languages and Systems Companion (MODELS-C)},
  year      = {2019},
  pages     = {748-752},
  doi       = {10.1109/MODELS-C.2019.00116},
}

@InProceedings{zuzak2011formal,
  author    = {Zuzak, Ivan and Budiselic, Ivan and Delac, Goran},
  title     = {{Formal Modeling of RESTful Systems Using Finite-State Machines}},
  booktitle = {Web Engineering},
  year      = {2011},
  editor    = {Auer, S{\"o}ren and D{\'i}az, Oscar and Papadopoulos, George A.},
  pages     = {346--360},
  address   = {Berlin, Heidelberg},
  publisher = {Springer Berlin Heidelberg},
  isbn      = {978-3-642-22233-7},
}

@InProceedings{carrasquel2020checking,
  author    = {Carrasquel, Julio C. and Mecheraoui, Khalil and Lomazova, Irina A.},
  title     = {{Checking Conformance Between Colored Petri Nets and Event Logs}},
  booktitle = {Analysis of Images, Social Networks and Texts},
  year      = {2021},
  editor    = {van der Aalst, Wil M. P. and Batagelj, Vladimir and Ignatov, Dmitry I. and Khachay, Michael and Koltsova, Olessia and Kutuzov, Andrey and Kuznetsov, Sergei O. and Lomazova, Irina A. and Loukachevitch, Natalia and Napoli, Amedeo and Panchenko, Alexander and Pardalos, Panos M. and Pelillo, Marcello and Savchenko, Andrey V. and Tutubalina, Elena},
  pages     = {435--452},
  address   = {Cham},
  publisher = {Springer International Publishing},
  isbn      = {978-3-030-72610-2},
}

@Book{RESTful-WS-book-07,
  author    = {Leonard Richardson and Sam Ruby},
  publisher = {O'Reilly Media, Inc},
  title     = {{RESTful Web Services}},
  year      = {2007},
  edition   = {1st},
  isbn      = {978-0596529260},
  month     = may,
}

@InProceedings{MSA-ICIT-21,
  author    = {Marashdeh, Zain and Suwais, Khaled and Alia, Mohammad},
  booktitle = {2021 International Conference on Information Technology (ICIT)},
  title     = {{A Survey on SQL Injection Attack: Detection and Challenges}},
  year      = {2021},
  pages     = {957--962},
  doi       = {10.1109/ICIT52682.2021.9491117},
}

@InProceedings{AJBC-ICNGIoT-22,
  author    = {Anumotu, Sitara and Jha, Kushagra and Balhara, Amit and Chawla, Pronika},
  booktitle = {Next Generation of Internet of Things},
  title     = {{Security Issues and Vulnerabilities in Web Application}},
  year      = {2023},
  address   = {Singapore},
  editor    = {Kumar, Raghvendra and Pattnaik, Prasant Kumar and R. S. Tavares, Jo{\~a}o Manuel},
  pages     = {103--114},
  publisher = {Springer Nature Singapore},
  isbn      = {978-981-19-1412-6},
}

@Misc{RFC-6838,
  author       = {N. Freed and J. Klensin and T. Hansen},
  howpublished = {[Online; \url{https://www.rfc-editor.org/rfc/rfc6838}]},
  month        = jan,
  note         = {Accessed on February 23, 2023.},
  title        = {{Media Type Specifications and Registration Procedures}},
  year         = {2013},
}

@Misc{ISO-14977,
  author       = {{International Organization for Standardization}},
  title        = {{ISO/IEC 14977:1996 Information technology -- Syntactic metalanguage -- Extended BNF}},
  howpublished = {[Online; \url{https://www.iso.org/standard/26153.html}]},
  month        = dec,
  year         = {1996},
  note         = {Accessed on February 23, 2023.},
}

@Book{NetSegmentation-book-19,
  title     = {{Cybersecurity -- Attack and Defense Strategies}},
  publisher = {Packt Publishing},
  year      = {2019},
  author    = {Yuri Diogenes and Erdal Ozkaya},
  edition   = {2nd},
  month     = dec,
  isbn      = {9781838827793},
}

@Article{RH-ESE-09,
  author  = {Runeson, Per and H{\"o}st, Martin},
  title   = {{Guidelines for conducting and reporting case study research in software engineering}},
  journal = {Empirical Software Engineering},
  year    = {2009},
  volume  = {14},
  number  = {2},
  pages   = {131--164},
  month   = {Apr},
  issn    = {1573-7616},
  day     = {01},
  doi     = {10.1007/s10664-008-9102-8},
}

@InProceedings{Murata89,
  author    = {Tadao Murata},
  title     = {{Petri Nets: Properties, Analysis and Applications}},
  booktitle = {Proceedings of the IEEE},
  year      = {1989},
  volume    = {77},
  number    = {4},
  pages     = {541--580},
  month     = {April},
  abstract  = {This is an tutorial-review paper on Petri nets. It starts with a brief review of the history and the application areas considered in the literature. It then proceeds with examples, behavioral and structural properties, methods of analysis, subclasses of Petri nets and their analysis. The paper contains a section devoted to marked graphs and presents introductory discussions on stochastic nets and on high-level nets. Also included are recent results on reachability criteria. ## %=====},
  owner     = {death},
  timestamp = {2010.04.19},
}

@Misc{links2cpn,
  author       = {Ailton {Santos Filho}},
  howpublished = {[Online; \url{https://github.com/ailton07/openapi-links-to-CPNs}]},
  note         = {Accessed on February 27, 2023.},
  title        = {{Links2CPN - OpenAPI Links to CPNs}},
  year         = {2023},
}

@Manual{UML-11,
  Title                    = {{Unified Modelling Language: Superstructure}},
  Author                   = {OMG},
  Month                    = {August},
  Note                     = {Version 2.4, formal/11-08-05},
  Organization             = {Object Management Group},
  Year                     = {2011},

  Owner                    = {death},
  Publisher                = {Object Management Group Inc.},
  Timestamp                = {2013.01.21}
}

@Article{DBLP:journals/corr/abs-2201-10833,
  author     = {Alexander Barabanov and Denis Dergunov and Denis Makrushin and Aleksey Teplov},
  title      = {Automatic detection of access control vulnerabilities via {API} specification processing},
  journal    = {CoRR},
  year       = {2022},
  volume     = {abs/2201.10833},
  bibsource  = {dblp computer science bibliography, https://dblp.org},
  biburl     = {https://dblp.org/rec/journals/corr/abs-2201-10833.bib},
  eprint     = {2201.10833},
  eprinttype = {arXiv},
  timestamp  = {Tue, 01 Feb 2022 14:59:01 +0100},
}

@Misc{haddad2022openapi,
  author        = {Rami Haddad and Rim El Malki},
  title         = {{OpenAPI Specification Extended Security Scheme: A method to reduce the prevalence of Broken Object Level Authorization}},
  howpublished  = {[Online; \url{https://arxiv.org/abs/2212.06606}]},
  month         = dec,
  year          = {2022},
  note          = {Accessed on October 19, 2023.},
  archiveprefix = {arXiv},
  eprint        = {2212.06606},
  primaryclass  = {cs.CR},
}

@Comment{jabref-meta: databaseType:bibtex;}
